<?xml version="1.0" encoding="UTF-8"?><record xmlns="http://www.loc.gov/MARC21/slim" xmlns:cinclude="http://apache.org/cocoon/include/1.0" xmlns:zs="http://www.loc.gov/zing/srw/">
  <leader>00619cz  a2200169n  4500</leader>
  <controlfield tag="001">no 98001779 </controlfield>
  <controlfield tag="003">DLC</controlfield>
  <controlfield tag="005">20150515101844.0</controlfield>
  <controlfield tag="008">980105n| azannaab           |n aaa     c</controlfield>
  <datafield tag="010" ind1=" " ind2=" ">
    <subfield code="a">no 98001779 </subfield>
  </datafield>
  <datafield tag="035" ind1=" " ind2=" ">
    <subfield code="a">(OCoLC)oca04574061</subfield>
  </datafield>
  <datafield tag="040" ind1=" " ind2=" ">
    <subfield code="a">OCoLC</subfield>
    <subfield code="b">eng</subfield>
    <subfield code="e">rda</subfield>
    <subfield code="c">OCoLC</subfield>
    <subfield code="d">PPi-MA</subfield>
    <subfield code="d">DLC</subfield>
  </datafield>
  <datafield tag="100" ind1="1" ind2=" ">
    <subfield code="a">Vivier, Claude,</subfield>
    <subfield code="d">1948-1983.</subfield>
    <subfield code="t">Pulau dewata</subfield>
  </datafield>
  <datafield tag="667" ind1=" " ind2=" ">
    <subfield code="a">Machine-derived authority record.</subfield>
  </datafield>
  <datafield tag="670" ind1=" " ind2=" ">
    <subfield code="a">LCCN 87-753704: Vivier, C. Vivier, p1984</subfield>
  </datafield>
  <datafield tag="670" ind1=" " ind2=" ">
    <subfield code="a">Bali aĚ MontreĚal [SR] p1992:</subfield>
    <subfield code="b">label (Pulau dewata)</subfield>
  </datafield>
  <datafield tag="670" ind1=" " ind2=" ">
    <subfield code="a">Vivier, C. Pulau dewata, 2012?:</subfield>
    <subfield code="b">caption (for piano ensemble (or any othe combination of instruments))</subfield>
  </datafield>
</record>